@inproceedings{Ref1,
  title={Ref1},
  author={Me},
  booktitle={July 2018},
  year={2017}
}

@inproceedings{Ref2,
  title={Ref2},
  author={Me},
  booktitle={July 2018},
  year={2017}
}
